@article{Bradley2022SESgap,
  author    = {Bradley, Kate},
  title     = {The socioeconomic achievement gap in the US public schools},
  journal   = {Ballard Brief},
  year      = {2022},
  note      = {Retrieved from \url{https://ballardbrief.byu.edu/issue-briefs/the-socioeconomic-achievement-gap-in-the-us-public-schools}}
}

@article{YanGaiLowSEG,
  author    = {Yan, Yan and Gai, Xiaosong},
  title     = {High achievers from low family socioeconomic status families: Protective factors for academically resilient students},
  journal   = {International Journal of Environmental Research and Public Health},
  volume    = {19},
  number    = {23},
  pages     = {15882},
  year      = {2022},
  doi       = {10.3390/ijerph192315882}
}

@article{HSEffectsLongTerm,
  author    = {Mbekeani, Preeya P. and Papay, John and Mantil, Ann and Murnane, Richard J.},
  title     = {Understanding high schools' effects on long-term outcomes},
  journal   = {EdWorkingPaper},
  volume    = {23},
  number    = {729},
  year      = {2023},
  doi       = {10.26300/qwp6-hk05}
}

@article{ecsa,
  author    = {Ayscue, J. B. and Fusarelli, D. L. and Uzzell, E. M.},
  title     = {Equity and early implementation of the Every Student Succeeds Act in state-designed plans during COVID},
  journal   = {Educational Policy},
  year      = {2022},
  note      = {Advance online publication},
  doi       = {10.1177/08959048221130994}
}

@article{linnetal,
  author    = {Linn, R. L.},
  title     = {Methodological issues in achieving school accountability},
  journal   = {Journal of Curriculum Studies},
  volume    = {40},
  number    = {6},
  pages     = {699--711},
  year      = {2008},
  doi       = {10.1080/00220270802105729}
}

@article{EdInequities,
  author    = {García, E. and Weiss, E.},
  title     = {Education inequalities at the school starting gate},
  journal   = {Economic Policy Institute},
  year      = {2017},
  note      = {Retrieved from \url{https://www.epi.org/publication/education-inequalities-at-the-school-starting-gate/#epi-toc-1}}
}

@article{cradle,
  author    = {Cook-Harvey, C. and Darling-Hammond, L. and Lam, L. and Mercer, C. and Roc, M.},
  title     = {Equity and ESSA: Leveraging educational opportunity through the Every Student Succeeds Act},
  journal   = {Learning Policy Institute},
  year      = {2016},
  note      = {Retrieved from \url{https://learningpolicyinstitute.org/sites/default/files/product-files/Equity_ESSA_REPORT.pdf}}
}

@article{cradleK,
  author    = {Chaudry, A. and Morrissey, T. and Weiland, C. and Yoshikawa, H.},
  title     = {Cradle to kindergarten: A new plan to combat inequality (2nd ed.)},
  journal   = {Russell Sage Foundation},
  year      = {2021}
}

@article{sesdef,
  author    = {American Psychological Association},
  title     = {APA dictionary of psychology},
  journal   = {APA Dictionary of Psychology},
  year      = {2023}
}

@phdthesis{sesinternet,
  author    = {Macho, Steve},
  title     = {Differences among standardized test scores due to factors of internet access at home and family affluence},
  school    = {West Virginia University},
  year      = {2005}
}

@article{maternaleducation,
  author    = {Jackson, M. and Kiernan, K. and McLanahan, S.},
  title     = {Maternal education, changing family circumstances, and children's skill development in the United States and UK},
  journal   = {The Annals of the American Academy of Political and Social Science},
  volume    = {674},
  number    = {1},
  pages     = {59--84},
  year      = {2017},
  doi       = {10.1177/0002716217729471}
}

@article{maternaleducation2,
  author    = {Harding, Jessica F. and Morris, Pamela A. and Hughes, Diane},
  title     = {The relationship between maternal education and children’s academic outcomes: A theoretical framework},
  journal   = {Journal of Marriage and Family},
  volume    = {77},
  number    = {1},
  pages     = {60--76},
  year      = {2015}
}

@article{maternaleducation3,
  author    = {Reardon, Sean F.},
  title     = {The widening academic achievement gap between the rich and the poor: New evidence and possible explanations. In: Murnane, R. and Duncan, G. (Eds.) Whither Opportunity: Rising Inequality and the Uncertain Life Chances of Low-Income Children},
  journal   = {New York: Russell Sage Foundation Press},
  year      = {2011}
}

@article{sesbehind1,
  author    = {Adler, Nancy E. and Boyce, Thomas and Chesney, Margaret A. and Cohen, Sheldon and Folkman, Susan and Kahn, Robert L. and Syme, S. L.},
  title     = {Socioeconomic status and health: The challenge of the gradient},
  journal   = {American Psychologist},
  volume    = {49},
  number    = {1},
  pages     = {15},
  year      = {1994},
  doi       = {10.1037/0003-066X.49.1.15}
}

@article{sesbehind2,
  author    = {Currie, Janet and Stabile, Mark},
  title     = {Socioeconomic status and child health: Why is the relationship stronger for older children?},
  journal   = {The American Economic Review},
  year      = {2003},
  doi       = {10.1257/000282803322655563}
}

@article{sesbehind3,
  author    = {Duncan, Greg J. and Ziol-Guest, Kathleen and Kalil, Ariel},
  title     = {Early-childhood poverty and adult attainment, behavior, and health},
  journal   = {Child Development},
  volume    = {81},
  number    = {1},
  pages     = {306--325},
  year      = {2010}
}
@misc{dataset,
    url = {https://www.kaggle.com/datasets/spscientist/students-performance-in-exams},
    author = {Kimmons, Royce},
}
@article{MLMoodle,
    author = {Arévalo-Cordovilla and F. E. and Peña, M.},
    title = {Comparative Analysis of Machine Learning Models for Predicting Student Success in Online Programming Courses: A Study Based on LMS Data and External Factors.},
    journal = {Mathematics},
    year = {2024},
    volume = {12},
    number = {20},
    pages = {3272},
    url = {https://doi.org/10.3390/math12203272}
}
 
@article{dataMineLit,
    author = {Namoun, A. and Alshanqiti, A.},
    title = {Predicting Student Performance Using Data Mining and Learning Analytics Techniques: A Systematic Literature Review.},
    journal = {Applied Sciences},
    volume = {11},
    number = {1},
    pages = {237},
    url = {https://doi.org/10.3390/app11010237},
    year = {2021}
}
@article{ParetoSplit,
    author = {Roshan, Joseph V.},
    title = {Optimal Ratio for Data Splitting},
    journal = {Statistical Analysis and Data Mining, The ASA Data Science Journal},
    volume = {15},
    number = {4},
    pages= {531-538},
    year = {2021},
}
@article{measuremetrics,
    author = {Botchkarev, Alexei},
    title = {A NEW TYPOLOGY DESIGN OF PERFORMANCE METRICS TO MEASURE ERRORS IN MACHINE LEARNING REGRESSION ALGORITHMS},
    journal = {Interdisciplinary Journal of Information, Knowledge, and Management},
    year = {2019},
    number = {14},
    url = {https://www.ijikm.org/Volume14/IJIKMv14p045-076Botchkarev5064.pdf}
}
@INPROCEEDINGS{7008697,
  author={Slim, Ahmad and Heileman, Gregory L. and Kozlick, Jarred and Abdallah, Chaouki T.},
  booktitle={2014 IEEE Symposium on Computational Intelligence and Data Mining (CIDM)}, 
  title={Predicting student success based on prior performance}, 
  year={2014},
  volume={},
  number={},
  pages={410-415},
  keywords={Educational institutions;Bayes methods;Predictive models;Markov processes;Vectors;Measurement},
  doi={10.1109/CIDM.2014.7008697}}
@article{DMPortugal,
    author = {Cortez, Paulo and Silva, Alice},
    title = {USING DATA MINING TO PREDICT SECONDARY SCHOOL STUDENT PERFORMANCE},
    journal = {University of Minho},
    year = {2008},
    url = {https://repositorium.sdum.uminho.pt/bitstream/1822/8024/1/student.pdf}
}
@article{DistLearnML,
    author = {Kotsiantis, S. and Pierrakeas, C and Pintelas, P},
    title = {Predicting Students' Performance in Distance Learning Using Machine Learning Techniques},
    journal = {Applied Artificial Intelligence},
    year = {2004},
    volume = {18},
    number = {5},
    pages = {411-426},
    url = {https://doi.org/10.1080/08839510490442058}
}
@article{Malaysia,
    author = {Shahiria, Amirah Mohamed and Husaina, Wahidah and Rashida, Nur’aini Abdul},
    title = {The Third Information Systems International Conference AReview on Predicting Student’s Performance using Data Mining Techniques},
    journal = {Procedia Computer Science},
    year = {2015},
    volume = {72},
    pages = {414-422},
}
@inproceedings{studentPerfOBE,
    author = {Zhang, L. and Li, K.F.},
    title = {Education analytics: Challenges and approaches},
    booktitle = {32nd International Converfence on Advanced Information Networking and Applications Workshops (WAINA)},
    year = {16-18 May 2018},
    pages = {193-198}
}
@incollection{duncan2013long,
  title={The long reach of early childhood poverty},
  author={Duncan, Greg J and Magnuson, Katherine},
  booktitle={Economic stress, human capital, and families in Asia: Research and policy challenges},
  pages={57--70},
  year={2013},
  publisher={Springer}
}
@article{duncan2012importance,
  title={The importance of early childhood poverty},
  author={Duncan, Greg J and Magnuson, Katherine and Kalil, Ariel and Ziol-Guest, Kathleen},
  journal={Social Indicators Research},
  volume={108},
  pages={87--98},
  year={2012},
  publisher={Springer}
}
@article{perry2010does,
  title={Does the SES of the school matter? An examination of socioeconomic status and student achievement using PISA 2003},
  author={Perry, Laura B and McConney, Andrew},
  journal={Teachers college record},
  volume={112},
  number={4},
  pages={1137--1162},
  year={2010},
  publisher={SAGE Publications Sage CA: Los Angeles, CA}
}
@article{AustraliaSES,
    author = {Perry, L. and McConney, A.},
    title = {School Socio-Economic Composition and Student Outcomes in Australia: Implications for Educational Policy.},
    journal = {Australian Journal of Education},
    volume = {54},
    number = {1},
    pages = {72-85},
    year = {2010}
}
@article{tiertaryBehaviors,
    author = {DeBerard, M. Scott and Spielmans, Glen I. and Julka, Deana L.},
    title = {Predictors of academic achievement and retention among college freshmen: a longitudinal study},
    journal = {College Student Journal, Project Innovation Austin, LLC},
    volume = {38},
    number = {1},
    year = {2004}
}
@article{earlyengageML,
    author = {Gray, Cameron C. and Perkins, Dave },
    title = {Utilizing early engagement and machine learning to predict student outcomes},
    journal = {Science Direct, Computers and Education},
    volume = {131},
    pages = {22-32},
    year = {2019},
    url={https://doi.org/10.1016/j.compedu.2018.12.006}
}
@misc{MCPSPoverty,
    author = {Jackson, Cara and Addison, Kecia L.},
    title = {Understanding the Relationships between Poverty, School Factors, and Student Achievement} ,
    year = {2018},
    url = {https://files.eric.ed.gov/fulltext/ED598342.pdf}
}
