@article{Bradley2022SESgap,
  title={The Socioeconomic Achievement Gap in the US Public Schools},
  author={Bradley, Kate},
  journal={Ballard Brief},
  number={December 2022},
  volume={https://ballardbrief.byu.edu/issue-briefs/the-socioeconomic-achievement-gap-in-the-us-public-schools},
  year={2022},
  publisher={www.ballardbrief.byu.edu}
}

@article{YanGaiLowSEG,
  title={High Achievers from Low Family Socioeconomic Status Families: Protective Factors for Academically Resilient Students},
  author={Yan, Yan,  Gai, Xiaosong},
  journal={International journal of environmental research and public health},
  number={19(23), 15882},
  year={2022},
  publisher={https://doi.org/10.3390/ijerph192315882}
}
@article{HSEffectsLongTerm,
title={Understanding High Schools' Effects on Long-Term Outcomes},
author ={Mbekeani, Preeya P., John Papay, Ann Mantil, and Richard J. Murnane},
journal={EdWorkingPaper},
number={23},
volume={729},
year={2023},
publisher={https://doi.org/10.26300/qwp6-hk05}
}
@article{ecsa,
author={Ayscue, J. B., D. Fusarelli, L., & Uzzell, E. M.},
year={2022} ,
title={Equity and Early Implementation of the Every Student Succeeds Act in State-Designed Plans During COVID},
journal={Educational Policy (Los Altos, Calif.},
number={08959048221130994},
publisher={https://doi.org/10.1177/08959048221130994}
}
@article{linnetal, 
author = {Linn, R. L. },
title = {Methodological issues in achieving school accountability},
journal = {Journal of Curriculum Studies},
number={40(6)},
volume = {699-711},
year = {2008},
publisher={https://doi.org/10.1080/00220270802105729  }
}
@article{EdInequities,
    author = {Garcia, E., Weiss, E.},
    title = {Education inequalities at the school starting gate},
    journal = {Economic Policy Institute},
    year = {2017},
publisher={https://www.epi.org/publication/education-inequalities-at-the-school-starting-gate/#epi-toc-1}
}
@article{cradle,
    author = {Cook-Harvey, C.,Darling-Hammond, L.,Lam, L.,Mercer, C.,Roc, M.},
    title = {Equity and ESSA: Leveraging Educational Opportunity Through the Every Student Succeeds Act},
    journal = {Learning Policy Institute},
    year = {2016},
    publisher={https://learningpolicyinstitute.org/sites/default/files/product-files/Equity_ESSA_REPORT.pdf}
}
@article{cradleK,
    author = {Chaudry, A., Morrissey, T., Weiland, C., Yoshikawa, H.},
    title = {Cradle to Kindergarten: A new plan to combat inequality, 2nd edition},
    journal = {Russell Sage Foundation},
    year = {2021}
}
@article{sesdef,
    author = {American Psychological Association},
    title = {APA Dictionary of Psychology},
    journal = {APA Dictionary of Psychology},
    year = {2023}
}
@phdthesis{sesinternet,
    author = {Macho, Steve},
    title = {Differences among standardized test scores due to factors of Internet access at home and family affluence},
    school = {West Virginia University},
    year = {2005}
}
@article{maternaleducation,
    author = {Jackson, M., Kiernan, K., & McLanahan, S.},
    title = {Maternal Education, Changing Family Circumstances, and Children's Skill Development in the United States and UK.},
    journal = {The Annals of the American Academy of Political and Social Science},
    number = {674(1)},
    volume = {59-84},
    year = {2017},
    publisher = {https://doi.org/10.1177/0002716217729471}
}
@article{sesbehind1,
    author = {Adler Nancy E, Boyce Thomas, Chesney Margaret A, Cohen Sheldon, Folkman Susan, Kahn Robert L, Syme SL.},
    title = {Socioeconomic Status and Health: The Challenge of the Gradient.},
    journal = {American Psychologist.},
    year = {1994},
    publisher={https://psycnet.apa.org/doi/10.1037/0003-066X.49.1.15}
}
@article{sesbehind2,
    author = {Currie Janet, Stabile Mark},
    title = {Socioeconomic Status and Child Health: Why is the Relationship Stronger for Older Children?},
    journal = {The American Economic Review},
    year = {2003},
    publisher={doi: 10.1257/000282803322655563}
}
@article{sesbehind3,
    author = {Duncan Greg J, Ziol-Guest Kathleen, Kalil Ariel},
    title = {Early-Childhood Poverty and Adult Attainment, Behavior, and Health. },
    journal = {Child Development},
    number = {81(1))},
    volume={306-325},
    year = {2010}
}